@article{Spitz2012,
    title = {Transcription factors: from enhancer binding to developmental control},
    year = {2012},
    journal = {Nat Rev Genet},
    author = {Spitz, Fran\c{c}ois and Furlong, Eileen E. M.},
    volume = {13},
    pages = {613--626},
    doi = {10.1016/j.smr.2017.07.006},
    keywords = {Transcription, factors}
}

@article{Andersson2020,
    title = {Determinants of enhancer and promoter activities of regulatory elements},
    year = {2020},
    journal = {Nat Rev Genet},
    author = {Andersson, Robin and Sandelin, Albin},
    volume = {21},
    pages = {71--87},
    doi = {10.1038/s41576-019-0173-8},
    keywords = {Regulatory elements}
}

@article{Gurdon2016,
    title = {Cell Fate Determination by Transcription Factors},
    year = {2016},
    journal = {Current Topics in Developmental Biology},
    author = {Gurdon, John B.},
    volume = {116},
    pages = {445--454},
    doi = {10.1016/bs.ctdb.2015.10.005},
    keywords = {Transcription, factors}
}

@article{Oki2018,
    title = {ChIP-Atlas: a data-mining suite powered by full integration of public ChIP-seq data},
    year = {2018},
    journal = {EMBO reports},
    author = {Oki, Shinya and Ohta, Tazro and Shioi, Go and Hatanaka, Hideki and Ogasawara, Osamu and Okuda, Yoshihiro and Kawaji, Hideya and Nakaki, Ryo and Sese, Jun and Meno, Chikara},
    volume = {19},
    doi = {10.15252/embr.201846255},
    keywords = {ChIP-atals, ChIP}
}

@article{Abdi2010,
    title = {Principal component analysis},
    year = {2010},
    journal = {WIREs computational statistics},
    author = {Abdi, Hervé and Williams, Lynne J.},
    volume = {2},
    issue = {4},
    pages = {433--459},
    doi = {10.1002/wics.101},
    keywords = {PCA}
}

@article{Pandis2015,
    title = {Analysis of variance},
    year = {2015},
    journal = {American Journal of Orthodontics and Dentofacial Orthopedics},
    author = {Pandis, Nikolaos},
    volume = {148},
    issue = {5},
    pages = {868--869},
    doi = {10.1016/j.ajodo.2015.08.009},
    keywords = {ANOVA, Analysis of variance}
}

@article{Schmitt2014,
    title = {High-resolution mapping of transcriptional dynamics across tissue development reveals a stable mRNA–tRNA interface},
    year = {2014},
    journal = {Genome Res},
    author = {Schmitt, Bianca M. and Rudolph, Konrad L. M. and Karagianni, Panagiota and Fonseca, Nuno A. and White, Robert J. and Talianidis, Iannis and Odom, Duncan T. and Marioni, John C. and Kutter, Claudia},
    volume = {24},
    pages = {1797--1807},
    doi = {10.1101/gr.176784.114},
    keywords = {Development}
}

@article{ISMARA2014,
    title = {ISMARA: automated modeling of genomic signals as a democracy of regulatory motifs},
    year = {2014},
    journal = {Genome Research},
    author = {Balwierz, Piotr J. and Pachkov, Mikhail and Arnold, Phil and Gruber, Andreas J. and Zavolan, Mihaela and van Nimwegen, Erik},
    volume = {24},
    pages = {869--884},
    doi = {10.1101/gr.169508.113},
    keywords = {ISMARA}
}
    
@article{MARA2009,
    title = {The transcriptional network that controls growth arrest and differentiation in a human myeloid leukemia cell line},
    year = {2009},
    journal = {Nature Genetics},
    author = {Suzuki, Harukazu and Forrest, Alistair R. R. and van Nimwegen, Erik and Arakawa, Takahiro and Fukuda, Shiro and Imamura, Kengo},
    volume = {41},
    pages = {553--562},
    doi = {10.1038/ng.375},
    keywords = {MARA}
}

@article{ARMADA2015,
    title = {ARMADA: Using motif activity dynamics to infer gene regulatory networks from gene expression data},
    year = {2015},
    journal = {Methods},
    author = {Pemberton-Ross, Peter J. and Pachkov, Mikhail and van Nimwegen, Erik},
    volume = {85},
    pages = {62--74},
    doi = {10.1016/j.ymeth.2015.06.024},
    keywords = {ARMADA}
}

@article{czipa2020chipsummitdb,
  title={ChIPSummitDB: A ChIP-seq-based database of human transcription factor binding sites and the topological arrangements of the proteins bound to them},
  author={Czipa, Erik and Schiller, M{\'a}ty{\'a}s and Nagy, Tibor and Kontra, Levente and Steiner, L{\'a}szl{\'o} and Koller, J{\'u}lia and P{\'a}ln{\'e}-Sz{\'e}n, Orsolya and Barta, Endre},
  journal={Database},
  volume={2020},
  year={2020},
  publisher={Narnia}
}

@article{sloan2016encode,
  title={ENCODE data at the ENCODE portal},
  author={Sloan, Cricket A. and Chan, Esther T. and Davidson, Jean M. and Malladi, Venkat S. and Strattan, J. Seth and Hitz, Benjamin C. and Gabdank, Idan and Narayanan, Aditi K. and Ho, Marcus and Lee, Brian T. and others},
  journal={Nucleic acids research},
  volume={44},
  number={D1},
  pages={D726--D732},
  year={2016},
  publisher={Oxford University Press}
}

@article{zheng2019cistrome,
  title={Cistrome Data Browser: expanded datasets and new tools for gene regulatory analysis},
  author={Zheng, Rongbin and Wan, Changxin and Mei, Shenglin and Qin, Qian and Wu, Qiu and Sun, Hanfei and Chen, Chen-Hao and Brown, Myles and Zhang, Xiaoyan and Meyer, Clifford A and others},
  journal={Nucleic acids research},
  volume={47},
  number={D1},
  pages={D729--D735},
  year={2019},
  publisher={Oxford University Press}
}

@article{fornes2020jaspar,
  title={JASPAR 2020: update of the open-access database of transcription factor binding profiles},
  author={Fornes, Oriol and Castro-Mondragon, Jaime A. and Khan, Aziz and van der Lee, Robin and Zhang, Xi and Richmond, Phillip A. and Modi, Bhavi P. and Correard, Solenne and Gheorghe, Marius and Barana{\v{s}}i{\'c}, Damir and others},
  journal={Nucleic acids research},
  volume={48},
  number={D1},
  pages={D87--D92},
  year={2020},
  publisher={Oxford University Press}
}

@article{lambert2018,
  title={The Human Transcription Factors},
  author={Lambert, Samuel A. and Jolma, Arttu and Campitelli, Laura F. and Das, Pratyush K. and Yin, Yimeng and Albu, Mihaw and Chen, Xiaoting and Taipale, Jussi and Hughes, Timothy R. and Weirauch, Matthew T.},
  journal={Cell},
  volume={172},
  issue={4},
  pages={598--599},
  year={2018},
}
@article {Yineaaj2239,
	author = {Yin, Yimeng and Morgunova, Ekaterina and Jolma, Arttu and Kaasinen, Eevi and Sahu, Biswajyoti and Khund-Sayeed, Syed and Das, Pratyush K. and Kivioja, Teemu and Dave, Kashyap and Zhong, Fan and Nitta, Kazuhiro R. and Taipale, Minna and Popov, Alexander and Ginno, Paul A. and Domcke, Silvia and Yan, Jian and Sch{\"u}beler, Dirk and Vinson, Charles and Taipale, Jussi},
	title = {Impact of cytosine methylation on DNA binding specificities of human transcription factors},
	volume = {356},
	number = {6337},
	year = {2017},
	doi = {10.1126/science.aaj2239},
	publisher = {American Association for the Advancement of Science},
	journal = {Science}
}

@article {jolma2015,
	author = {Jolma, Arttu and Yin, Yimeng and Nitta, Kazuhiro R. and Dave, Kashyap and Popov, Alexander and Taipale, Minna and Enge, Martin and Kivioja, Teemu and Morgunova, Ekaterina and Taipale, Jussi},
	title = {DNA-dependent Formation of Transcription Factor Pairs Alters Their Binding Specificity},
	volume = {527},
	number = {7578},
	year = {2015},
	doi = {10.1038/nature15518},
    pages={384--388},
	journal = {Nature}
}

@article {karagianni2020,
	author = {Karagianni, Panagiota and Moulos, Panagiotis and Schmidt, Dominic and Odom, Duncan T. and Talianidis, Iannis},
	title = {Bookmarking by Non-pioneer Transcription Factors during Liver Development Establishes Competence for Future Gene Activation},
	volume = {30},
	issue = {5},
	year = {2020},
	doi = {10.1016/j.celrep.2020.01.006},
    pages={1319--1328},
	journal = {Cell Reports}
}

@article {Anders2014,
	author = {Anders, Simon and Pyl, Paul T. and Huber, Wolfgang},
	title = {HTSeq—a Python framework to work with high-throughput sequencing data},
	volume = {31},
	issue = {2},
	year = {2014},
	doi = {10.1093/bioinformatics/btu638},
    pages={166--169},
	journal = {Bioinformatics}
}

@article {Flicek2014, 
	author = {Flicek, Paul and Amode, M. Ridwan and Barrell, Daniel and Beal, Kathryn and  Billis, Konstantinos and Brent, Simon and Carvalho-Silva, Denise and Clapham, Peter and Coates, Guy and Fitzgerald, Stephen and Gil, Laurent and Girón, Carlos G. and Gordon, Leo and Hourlier, Thibaut and Hunt, Sarah and Johnson, Nathan and Juettemann, Thomas and Kähäri, Andreas K. and Keenan, Stephen and Kulesha, Eugene and Martin, Fergal J. and Maurel, Thomas and McLaren, William M. and Murphy, Daniel N. and Nag, Rishi and Overduin, Bert and Pignatelli, Miguel and Pritchard, Bethan and Pritchard, Emily and Riat, Harpreet S. and Ruffier, Magali and Sheppard, Daniel and Taylor, Kieron and Thormann, Anja and Trevanion, Stephen J. and Vullo, Alessandro and Wilder, Steven P. and Wilson, Mark and Zadissa, Amonida and Aken, Bronwen L. and Birney, Ewan and Cunningham, Fiona and Harrow, Jennifer and Herrero, Javier and Hubbard, Tim J.P. and Kinsella, Rhoda and Muffato, Matthieu and Parker, Anne and Spudich, Giulietta and Yates, Andy and Zerbino, Daniel R. and Searle, Stephen M.J.},
	title = {Ensembl 2014},
	volume = {42},
	issue = {D1},
	year = {2014},
	doi = {10.1093/nar/gkt1196},
    pages={749--755},
	journal = {Nucleic Acids Res}
}

@article {Liu2016,
	author = {Liu, Yansheng and Beyer, Andreas and Aebersold, Ruedi},
	title = {On the Dependency of Cellular Protein Levels on mRNA Abundance},
	volume = {165},
	issue = {3},
	year = {2016},
	doi = {10.1016/j.cell.2016.03.014},
    pages={535--550},
	journal = {Cell}
}

@article {Smedley2015,
	author = {Smedley, Damian and Haider, Syed and Durinck, Steffen and Pandini, Luca and Provero, Paolo and Allen, James and Arnaiz, Olivier and Awedh, Mohammad H. and Baldock, Richard and Barbiera, Giulia and Bardou, Philippe and Beck, Tim and Blake, Andrew and Bonierbale, Merideth and Brookes, Anthony J. and Bucci, Gabriele and Buetti, Iwan and Burge, Sarah and Cabau, Cédric and Carlson, Joseph W.},
	title = {The BioMart community portal: an innovative alternative to large, centralized data repositories},
	volume = {43},
	issue = {1},
	year = {2015},
	doi = {10.1093/nar/gkv350},
    pages={589-–598},
	journal = {Nucleic Acids Research}
}

@misc{wPCA,
  title={{Weighted Principal Component Analysis in Python}},
  author={{Vanderplas, Jake}},
  note={Cited 25 May 2020},
  howpublished={\url{https://github.com/jakevdp/wpca}}
}

@InProceedings{ mckinney-proc-scipy-2010,
  author    = { {W}es {M}c{K}inney },
  title     = { {D}ata {S}tructures for {S}tatistical {C}omputing in {P}ython },
  booktitle = { {P}roceedings of the 9th {P}ython in {S}cience {C}onference },
  pages     = { 56 - 61 },
  year      = { 2010 },
  editor    = { {S}t\'efan van der {W}alt and {J}arrod {M}illman },
  doi       = { 10.25080/Majora-92bf1922-00a }
}

@book{oliphant2006guide,
 title={A guide to NumPy},
 author={Oliphant, Travis E},
 volume={1},
 year={2006},
 publisher={Trelgol Publishing USA}
}

@article{van2011numpy,
  title={The NumPy array: a structure for efficient numerical computation},
  author={Van Der Walt, Stefan and Colbert, S Chris and Varoquaux, Gael},
  journal={Computing in Science \& Engineering},
  volume={13},
  number={2},
  pages={22},
  year={2011},
  publisher={IEEE Computer Society}
}

}
@article{scikit-learn,
 title={Scikit-learn: Machine Learning in {P}ython},
 author={Pedregosa, F. and Varoquaux, G. and Gramfort, A. and Michel, V.
         and Thirion, B. and Grisel, O. and Blondel, M. and Prettenhofer, P.
         and Weiss, R. and Dubourg, V. and Vanderplas, J. and Passos, A. and
         Cournapeau, D. and Brucher, M. and Perrot, M. and Duchesnay, E.},
 journal={Journal of Machine Learning Research},
 volume={12},
 pages={2825--2830},
 year={2011}
}

@ARTICLE{SciPy,
       author = {{Virtanen}, Pauli and {Gommers}, Ralf and {Oliphant},
         Travis E. and {Haberland}, Matt and {Reddy}, Tyler and
         {Cournapeau}, David and {Burovski}, Evgeni and {Peterson}, Pearu
         and {Weckesser}, Warren and {Bright}, Jonathan and {van der Walt},
         St{\'e}fan J.  and {Brett}, Matthew and {Wilson}, Joshua and
         {Jarrod Millman}, K.  and {Mayorov}, Nikolay and {Nelson}, Andrew
         R.~J. and {Jones}, Eric and {Kern}, Robert and {Larson}, Eric and
         {Carey}, CJ and {Polat}, {\.I}lhan and {Feng}, Yu and {Moore},
         Eric W. and {Vand erPlas}, Jake and {Laxalde}, Denis and
         {Perktold}, Josef and {Cimrman}, Robert and {Henriksen}, Ian and
         {Quintero}, E.~A. and {Harris}, Charles R and {Archibald}, Anne M.
         and {Ribeiro}, Ant{\^o}nio H. and {Pedregosa}, Fabian and
         {van Mulbregt}, Paul and {Contributors}, SciPy 1. 0},
        title = "{SciPy 1.0: Fundamental Algorithms for Scientific
                  Computing in Python}",
      journal = {Nature Methods},
      year = {2020},
      volume={17},
      pages={261--272},
      doi = {https://doi.org/10.1038/s41592-019-0686-2},
}

@article{Sevy2019,
    author={Sevy, Alexander M. and Soto, Cinque and Bombardi, Robin G. and Meiler, Jens and  {Crowe Jr}, James E.},
    title={Immune repertoire fingerprinting by principal component analysis reveals shared features in subject groups with common exposures},
    volume={20},
	year = {2019},
	doi = {10.1186/s12859-019-3281-8},
	journal = {BMC Bioinformatics}
}

@article {Ouyanga2009,
	author = {Ouyanga, Zhengqing and Zhoub, Qing and Wongc, Wing H.},
	title = {ChIP-Seq of transcription factors predicts absolute and differential gene expression in embryonic stem cells},
	volume = {106},
	issue = {51},
	year = {2009},
	doi = {10.1073/pnas.0904863106},
    pages={21521–-21526},
	journal = {Proceedings of the National Academy of Sciences of the United States of America}
}

@article {Alvarez2016,
	author = {Alvarez, Mariano J. and Shen, Yao and Giorgi, Federico M. and Lachmann, Alexander and Ding, B Belinda and Ye, B Hilda and Califano, Andrea},
	title = {Functional characterization of somatic mutations in cancer using network-based inference of protein activity},
	volume = {48},
	year = {2016},
	doi = {10.1038/ng.3593},
    pages={838–-847},
	journal = {Nature Genetics}
}

@article {Falco2016,
	author = {Falco, Matias M. and Bleda, Marta and Carbonell-Caballero, José and Dopazo, Joaquín},
	title = {The pan-cancer pathological regulatory landscape},
	volume = {6},
	year = {2016},
	doi = {10.1038/srep39709},
	journal = {Scientific Reports}
}

@article {Cheng2007,
	author = {Cheng, Chao and Yan, Xiting and Sun, Fengzhu and Li, Lei M.},
	title = {Inferring activity changes of transcription factors by binding association with sorted expression profiles},
	volume = {8},
	year = {2007},
	doi = {10.1186/1471-2105-8-452},
	journal = {BMC Bioinformatics}
}

@article {Bleda2012,
	author = {Bleda, Marta and Medina, Ignacio and Alonso, Roberto and {De Maria}, Alejandro and Salavert, Francisco and Dopazo, Joaquin},
	title = {Inferring the regulatory network behind a gene expression experiment },
	volume = {40},
	issue = {W1},
	pages = {W168-–W172},
	year = {2012},
	doi = {10.1093/nar/gks573},
	journal = {Nucleic Acids Research}
}

@article {Zhu2013,
	author = {Zhu, Mingzhu and Liu, Chun-Chi and Cheng, Chao},
	title = {REACTIN: Regulatory activity inference of transcription factors underlying human diseases with application to breast cancer},
	volume = {14},
	year = {2013},
	doi = {10.1186/1471-2164-14-504},
	journal = {BMC Genomics}
}

@article {Schacht2014,
	author = {Schacht, Theresa and Oswald, Marcus and Eils, Roland and Eichmüller, Stefan B. and König, Rainer},
	title = {Estimating the activity of transcription factors by the effect on their target genes},
	volume = {30},
	issue = {17},
	page = {i401-–i407},
	year = {2014},
	doi = {10.1093/bioinformatics/btu446},
	journal = {Bioinformatics}
}

@article {Ellsworth2017,
	author = {Ellsworth, Susannah G.  and Rabatic, Bryan M. and Chen, Jie and Zhao, Jing and Campbell, Jeffrey and Wang, Weili and Pi, Wenhu and Stanton, Paul and Matuszak, Martha and Jolly, Shruti and Miller, Amy and Kong, Feng-Ming},
	title = {Principal component analysis identifies patterns of cytokine expression in non-small cell lung cancer patients undergoing definitive radiation therapy},
	volume = {12},
	issue = {9},
	year = {2017},
	doi = {10.1371/journal.pone.0183239},
	journal = {PLoS One}
}

@article {Ji2013,
	author = {Ji, Hongkai and Li, Xia and Wang, Qian-fei and Ning, Yang},
	title = {Differential principal component analysis of ChIP-seq},
	volume = {110},
	issue = {17},
	page = {6789--6794},
	year = {2013},
	doi = {10.1371/journal.pone.0183239},
	journal = {PNAS}
}

@article{Taguchi2018,
  title = {Principal Component Analysis-Based Unsupervised Feature Extraction Applied to Single-Cell Gene Expression Analysis},
  year = {2018},
  author = {Taguchi, Y.},
  editor = {Huang, DS. and Jo, KH. and Zhang, XL.},
  journal = {Intelligent Computing Theories and Application},
  note = {Lecture Notes in Computer Science, vol 10955. Springer, Cham},
  doi = {10.1007/978-3-319-95933-7_90}
}

@article{Li2019,
  title = {Local PCA Shows How the Effect of Population Structure Differs Along the Genome},
  year = {2019},
  author = {Li, Han and Ralph, Peter},
  volume = {211},
  issue = {1},
  page = {289--304},
  journal = {GENETICS},
  doi = {10.1534/genetics.118.301747}
}